@online{Ni9elf,
  author	= {Nigel Fernandez and
			   Francisco Rivas and
			   Alberto Martin},
  title		= {Deep Learning to Detect Objects in Videos from RGB-D Input},
  year		= {2017},
  url		= {http://jderobot.org/Ni9elf-colab},
  urldate	= {2019-09-05}
}
@article{LayoutNet,
  author    = {Chuhang Zou and
               Alex Colburn and
               Qi Shan and
               Derek Hoiem},
  title     = {LayoutNet: Reconstructing the 3D Room Layout from a Single {RGB} Image},
  journal   = {CoRR},
  volume    = {abs/1803.08999},
  year      = {2018},
  url       = {http://arxiv.org/abs/1803.08999},
  archivePrefix = {arXiv},
  eprint    = {1803.08999},
  timestamp = {Mon, 13 Aug 2018 16:47:04 +0200},
  biburl    = {https://dblp.org/rec/bib/journals/corr/abs-1803-08999},
  bibsource = {dblp computer science bibliography, https://dblp.org}
}
@article{E2EDrivingModel,
  author    = {Simon Hecker and
               Dengxin Dai and
               Luc Van Gool},
  title     = {Learning Driving Models with a Surround-View Camera System and a Route Planner},
  journal   = {CoRR},
  volume    = {abs/1803.10158},
  year      = {2018},
  url       = {http://arxiv.org/abs/1803.10158},
  archivePrefix = {arXiv},
  eprint    = {1803.10158},
  timestamp = {Mon, 13 Aug 2018 16:48:41 +0200},
  biburl    = {https://dblp.org/rec/bib/journals/corr/abs-1803-10158},
  bibsource = {dblp computer science bibliography, https://dblp.org}
}
@article{Taskonomy,
  author    = {Amir Roshan Zamir and
               Alexander Sax and
               William B. Shen and
               Leonidas J. Guibas and
               Jitendra Malik and
               Silvio Savarese},
  title     = {Taskonomy: Disentangling Task Transfer Learning},
  journal   = {CoRR},
  volume    = {abs/1804.08328},
  year      = {2018},
  url       = {http://arxiv.org/abs/1804.08328},
  archivePrefix = {arXiv},
  eprint    = {1804.08328},
  timestamp = {Mon, 13 Aug 2018 16:47:11 +0200},
  biburl    = {https://dblp.org/rec/bib/journals/corr/abs-1804-08328},
  bibsource = {dblp computer science bibliography, https://dblp.org}
}
@article{E2ENavigation,
  author	= {Shunya Seiya and
  			   Alexander Carballo and
  			   Eijiro Takeuchi and
  			   Chiyomi Miyajima and
  			   Kazuya Takeda},
  title		= {End-to-End Navigation with Branch Turning Support Using Convolutional Neural Network},
  journal	= {2018 IEEE International Conference on Robotics and Biomimetics (ROBIO)},
  year		= {2018},
  pages		= {499-506}
}
@INPROCEEDINGS{IntersectNet,
  author	={D. {Bhatt} and
  			  D. {Sodhi} and
  			  A. {Pal} and
  			  V. {Balasubramanian} and
  			  M. {Krishna}},
  booktitle	= {2017 IEEE/RSJ International Conference on Intelligent Robots and Systems (IROS)},
  title		= {Have i reached the intersection: A deep learning-based approach for intersection detection from monocular cameras},
  year		= {2017},
  pages		= {4495-4500},
  doi		= {10.1109/IROS.2017.8206317},
  ISSN		= {2153-0866},
  month		= {Sep.}
}
@online{Kaggle,
  author	= {Kaggle Inc.},
  title		= {Dogs vs. Cats},
  year		= {2013},
  url		= {https://www.kaggle.com/c/dogs-vs-cats},
  urldate	= {2019-09-06}
}
@book{DLwP,
 author		= {Chollet, Francois},
 title		= {Deep Learning with Python},
 year		= {2017},
 isbn		= {1617294438, 9781617294433},
 edition	= {1st},
 publisher	= {Manning Publications Co.},
 address	= {Greenwich, CT, USA}
} 
